@article{zakir2015big,
  title={Big Data Analytics.},
  author={Zakir, Jasmine and Seymour, Tom and Berg, Kristi},
  journal={Issues in Information Systems},
  volume={16},
  number={2},
  year={2015}
}

@inproceedings{verma2018beyond,
  title={Beyond Hadoop for e-commerce Big Data Analysis through Amazon},
  author={Verma, Ankush and Sethi, Nidhi and Jai, Neelesh},
  booktitle={2018 International Conference on Advanced Computation and Telecommunication (ICACAT)},
  pages={1--4},
  year={2018},
  organization={IEEE}
}


@inproceedings{chen2017application,
  title={Application and research of big data in E-commerce enterprises. Amazon as the case},
  author={Chen, Yujie},
  booktitle={2016 7th International Conference on Education, Management, Computer and Medicine (EMCM 2016)},
  pages={481--487},
  year={2017},
  organization={Atlantis Press}
}



@Webpage{Gentile,
         url = {http:// mashable.com/2012/06/19/big-data-myths/MwZnjjrOR8qV},
         author = Gentile,
         title = {Top 5 myths about big data},
         year = 2016,
         lastchecked = {29 Noviembre 2022},
}

@book{manyika2011big,
  title={Big data: The next frontier for innovation, competition, and productivity},
  author={Manyika, James and Chui, Michael and Brown, Brad and Bughin, Jacques and Dobbs, Richard and Roxburgh, Charles and Hung Byers, Angela and others},
  year={2011},
  publisher={McKinsey Global Institute}
}

@misc{russom2011big,
  title={Big Data Analytics. TDWI Best Practices Report, Fourth Quarter, 2011},
  author={Russom, Phillip},
  year={2011},
  publisher={The Data Warehousing Institute}
}


@article{bragge2012exploratory,
  title={An exploratory study on customer responses to personalized banner messages in the online banking context},
  author={Bragge, Johanna and Sunikka, Anne and Kallio, Henrik},
  journal={JITTA: Journal of Information Technology Theory and Application},
  volume={13},
  number={3},
  pages={5},
  year={2012},
  publisher={Association for Information Systems}
}


@Webpage{tuto_mapreduce,
         url = {https://hadoop.apache.org/docs/r2.8.5/hadoop-mapreduce-client/hadoop-mapreduce-client-core/MapReduceTutorial.html},
         author = Apache Hadoop,
         title = {Tutorial de MapReduce},
         year = 2018,
         lastchecked = {09 Diciembre 2022},
}



@Webpage{awsacademy,
         url = {https://awsacademy.instructure.com/},
         author = AWS Academy,
         title = {awsacademy},
         year = 2022,
         lastchecked = {09 Diciembre 2022},
}

